@inproceedings{Prosper:2022lnf,
    author = "Prosper, Harrison B. and Sekmen, Sezen and Unel, Gokhan",
    title = "{Analysis Description Language: A DSL for HEP Analysis}",
    booktitle = "{2022 Snowmass Summer Study}",
    eprint = "2203.09886",
    archivePrefix = "arXiv",
    primaryClass = "hep-ph",
    month = "3",
    year = "2022"
}
@misc{Comp5-Scoresby,
  author       = {J. Scoresby},
  title        = {Journals},
  year         = {1820}
}
@misc{Comp5-Beale,
  author       = {A. Beale},
  title        = {Surgical Writings},
  year         = {1839}
}